@article{riceExpt,
	title={Avalanche dynamics in a pile of rice},
	author={Frette, Vidar and Christensen, Kim and Malthe-Sorenssen, Anders and Feder, Jens and others},
	journal={Nature},
	volume={379},
	number={6560},
	pages={49},
	year={1996},
	publisher={Nature Publishing Group}
}

@article{FlexNVIDIA,
	title={Unified particle physics for real-time applications},
	author={Macklin, Miles and M{\"u}ller, Matthias and Chentanez, Nuttapong and Kim, Tae-Yong},
	journal={ACM Transactions on Graphics (TOG)},
	volume={33},
	number={4},
	pages={153},
	year={2014},
	publisher={ACM}
}

@article{posBasedDynamics,
	title={Position based dynamics},
	author={M{\"u}ller, Matthias and Heidelberger, Bruno and Hennix, Marcus and Ratcliff, John},
	journal={Journal of Visual Communication and Image Representation},
	volume={18},
	number={2},
	pages={109--118},
	year={2007},
	publisher={Elsevier}
}

@article{BeadpileCohesion,
	title={Avalanches on a conical bead pile: scaling with tuning parameters},
	author={Lehman, Susan Y and Baker, Elizabeth and Henry, Howard A and Kindschuh, Andrew J and Markley, Larry C and Browning, Megan B and Mills, Mary E and Winters, R Michael and Jacobs, DT},
	journal={Granular Matter},
	pages={1--9},
	year={2012},
	publisher={Springer}
}

@article{BeadpileSOC,
	title={Self-organized criticality in a bead pile},
	author={Costello, Rachel M and Cruz, KL and Egnatuk, Christie and Jacobs, DT and Krivos, Matthew C and Louis, Tim Sir and Urban, Rebecca J and Wagner, Hanna},
	journal={Physical Review E},
	volume={67},
	number={4},
	pages={041304},
	year={2003},
	publisher={APS}
}

@article{OGperBak1987,
	title={Self-organized criticality: and explanation of 1/f noise},
	author={Per Bak, TC and Wiesenfeld, Kurt},
	journal={Phys. Rev. Let},
	volume={59},
	pages={381--384},
	year={1987}
}

@book{howNatureWorks,
	title={How nature works: the science of self-organized criticality},
	author={Bak, Per},
	year={2013},
	publisher={Springer Science \& Business Media}
}


@ARTICLE
{
					Chenciner2000,
	author =			"Chenciner, Alain and Montgomery, Richard",
	title =			"A remarkable periodic solution of the three-body problem in the case of equal masses",
	journal =			"Annals of Mathematics",
	year =			2000,
	volume =			152,
	pages = 			"881-901"
}
@MISC
{
	IMGCriticalPoint,
  	title = 			{Critical {P}oint {D}rying: uses of supercritical fluids},
  	howpublished = 	"\url{http://www.appliedseparations.com/critical-point-drying.html}",
  	year =			 2017, 
  	note = 			"[Online; accessed 2017-September-11]"
}

@MISC
{
	IMGSandPile,
	author = "Mutter, John C and Langmuir, Charles HChenciner",
	title = 			{Introduction to {E}arth {S}ciences},
	howpublished = 	"\url{http://www.columbia.edu/itc/ldeo/mutter/jcm/Intro/Intro.html}",
	year =			 2015, 
	note = 			"[Online; accessed 2017-September-11]"
}